
@incollection{machado_thermomechanical_2008,
	title = {Thermomechanical {Constitutive} {Modeling} of {SMAs}},
	copyright = {©2008 Springer-Verlag US},
	isbn = {978-0-387-47684-1 978-0-387-47685-8},
	url = {http://link.springer.com/chapter/10.1007/978-0-387-47685-8_3},
	language = {en},
	number = {1},
	urldate = {2015-03-23},
	booktitle = {Shape {Memory} {Alloys}},
	publisher = {Springer US},
	author = {Machado, L. G. and Lagoudas, D. C.},
	year = {2008},
	keywords = {Continuum Mechanics and Mechanics of Materials, Engineering Thermodynamics, Heat and Mass Transfer, Materials, Mechanical Engineering, Surfaces},
	pages = {121--187},
	file = {Full Text PDF:C\:\\Users\\Pedro Leal\\AppData\\Roaming\\Mozilla\\Firefox\\Profiles\\jng6zkj7.default\\zotero\\storage\\PF7SMIIX\\Machado and Lagoudas - 2008 - Thermomechanical Constitutive Modeling of SMAs.pdf:application/pdf;Snapshot:C\:\\Users\\Pedro Leal\\AppData\\Roaming\\Mozilla\\Firefox\\Profiles\\jng6zkj7.default\\zotero\\storage\\IKAUNSQ4\\978-0-387-47685-8_3.html:text/html}
}

@article{song_robust_2007,
	title = {Robust control of a shape memory alloy wire actuated flap},
	volume = {16},
	issn = {0964-1726, 1361-665X},
	url = {http://stacks.iop.org/0964-1726/16/i=6/a=N02?key=crossref.ea800c4a265bc26f696a865bce5d1038},
	doi = {10.1088/0964-1726/16/6/N02},
	number = {6},
	urldate = {2015-05-11},
	journal = {Smart Materials and Structures},
	author = {Song, Gangbing and Ma, Ning},
	month = dec,
	year = {2007},
	keywords = {rotational actuator},
	pages = {N51--N57},
	file = {0964-1726_16_6_N02.pdf:C\:\\Users\\Pedro Leal\\AppData\\Roaming\\Mozilla\\Firefox\\Profiles\\jng6zkj7.default\\zotero\\storage\\REFWP2RH\\0964-1726_16_6_N02.pdf:application/pdf}
}

@article{de_sousa_effect_2014,
	title = {Effect of pseudoelastic hysteresis of shape memory alloy springs on the aeroelastic behavior of a typical airfoil section},
	url = {http://jim.sagepub.com/content/early/2014/12/18/1045389X14563862.abstract},
	urldate = {2015-03-08},
	journal = {Journal of Intelligent Material Systems and Structures},
	author = {de Sousa, Vagner Candido and Junior, Carlos De Marqui},
	year = {2014},
	keywords = {passive actuator},
	pages = {1045389X14563862},
	file = {SMA_aeroelastic - 08.pdf:C\:\\Users\\Pedro Leal\\AppData\\Roaming\\Mozilla\\Firefox\\Profiles\\jng6zkj7.default\\zotero\\storage\\IXMEARVZ\\SMA_aeroelastic - 08.pdf:application/pdf}
}

@article{camara_leal_aero-structural_2015,
	title = {Aero-structural {Optimization} of {Shape} {Memory} {Alloy}-based {Wing} {Morphing} via a {Class}/{Shape} {Transformation} {Approach}},
	url = {http://arc.aiaa.org/doi/pdf/10.2514/6.2015-0731},
	urldate = {2015-05-15},
	author = {Camara Leal, Pedro B. and Bertagne, Christopher L. and Hartl, Darren J.},
	year = {2015},
	keywords = {surface actuator},
	file = {pedro_scitech_paper_10-01-15.pdf:C\:\\Users\\Pedro Leal\\AppData\\Roaming\\Mozilla\\Firefox\\Profiles\\jng6zkj7.default\\zotero\\storage\\RFVJNG64\\pedro_scitech_paper_10-01-15.pdf:application/pdf}
}

@article{ma_position_2004,
	title = {Position control of shape memory alloy actuators with internal electrical resistance feedback using neural networks},
	volume = {13},
	issn = {0964-1726, 1361-665X},
	url = {http://stacks.iop.org/0964-1726/13/i=4/a=015?key=crossref.4203f9b4ffb6f3f16db257af0fcbff48},
	doi = {10.1088/0964-1726/13/4/015},
	number = {4},
	urldate = {2015-05-11},
	journal = {Smart Materials and Structures},
	author = {Ma, N and Song, G and Lee, H-J},
	month = aug,
	year = {2004},
	keywords = {electric actuator},
	pages = {777--783},
	file = {0964-1726_13_4_015.pdf:C\:\\Users\\Pedro Leal\\AppData\\Roaming\\Mozilla\\Firefox\\Profiles\\jng6zkj7.default\\zotero\\storage\\USAQTDJ3\\0964-1726_13_4_015.pdf:application/pdf}
}

@patent{kayama_drive_2002,
	title = {Drive unit using shape memory alloy},
	url = {http://www.google.com/patents/US6404098},
	abstract = {Disclosed herein is a drive unit using a shape memory alloy including: a shape memory alloy member made from a shape memory alloy, the shape memory alloy member exhibiting superelasticity when being energized; a drive body connected to the shape memory alloy member, the drive body being moved from a stopping position to a specific operational position when the shape memory alloy member is energized; and a locking mechanism for retaining the drive body at the specific operational position. With this configuration, the drive unit using a shape memory alloy is capable of reducing the power consumption as well as miniaturizing the drive unit.},
	nationality = {United States},
	assignee = {Sony Corporation},
	number = {US6404098 B1},
	urldate = {2015-05-11},
	author = {Kayama, Shun and Kataoka, Yasuhiro},
	month = jun,
	year = {2002},
	note = {U.S. Classification 310/307; International Classification E05B47/00, F03G7/06, H01H13/20; Cooperative Classification F03G7/06, F16F2224/0258; European Classification F03G7/06},
	file = {Google Patents PDF:C\:\\Users\\Pedro Leal\\AppData\\Roaming\\Mozilla\\Firefox\\Profiles\\jng6zkj7.default\\zotero\\storage\\ZW4RTXZG\\Kayama and Kataoka - 2002 - Drive unit using shape memory alloy.pdf:application/pdf}
}

@article{bellini_mechatronic_2009,
	title = {Mechatronic {Design} of a {Shape} {Memory} {Alloy} {Actuator} for {Automotive} {Tumble} {Flaps}: {A} {Case} {Study}},
	volume = {56},
	issn = {0278-0046},
	shorttitle = {Mechatronic {Design} of a {Shape} {Memory} {Alloy} {Actuator} for {Automotive} {Tumble} {Flaps}},
	url = {http://ieeexplore.ieee.org/lpdocs/epic03/wrapper.htm?arnumber=4814706},
	doi = {10.1109/TIE.2009.2019773},
	number = {7},
	urldate = {2015-05-11},
	journal = {IEEE Transactions on Industrial Electronics},
	author = {Bellini, A. and Colli, M. and Dragoni, E.},
	month = jul,
	year = {2009},
	keywords = {antagonistic, mechanism, Need to read, rotational actuator},
	pages = {2644--2656},
	file = {04814706.pdf:C\:\\Users\\Pedro Leal\\AppData\\Roaming\\Mozilla\\Firefox\\Profiles\\jng6zkj7.default\\zotero\\storage\\763ND8MA\\04814706.pdf:application/pdf}
}

@article{khan_pseudoelastic_2004,
	title = {Pseudoelastic {SMA} {Spring} {Elements} for {Passive} {Vibration} {Isolation}: {Part} {I} – {Modeling}},
	volume = {15},
	issn = {1045-389X, 1530-8138},
	shorttitle = {Pseudoelastic {SMA} {Spring} {Elements} for {Passive} {Vibration} {Isolation}},
	url = {http://jim.sagepub.com/content/15/6/415},
	doi = {10.1177/1045389X04041529},
	abstract = {In this work, the effect of pseudoelastic response of shape memory alloys (SMAs) on passive vibration isolation has been investigated. This study has been conducted by developing, modeling, and experimentally validating a SMA-based vibration isolation device. This device consists of layers of preconstrained SMA tubes undergoing pseudoelastic transformations under transverse dynamic loading. These SMA tubes are referred to as SMA spring elements in this study. To accurately model the nonlinear hysteretic response of SMA tubes present in this device, at first a Preisach model (an empirical model based on system identification) has been adapted to represent the structural response of a single SMA tube. The modified Preisach model has then been utilized to model the SMA-based vibration isolation device. Since this device also represents a nonlinear hysteretic dynamical system, a physically based simplified SMA model suitable for performing extensive parametric studies on such dynamical systems has also been developed. Both the simplified SMA model and the Preisach model have been used to perform experimental correlations with the results obtained from actual testing of the device. Based on the studies conducted, it has been shown that SMA based vibration isolation devices can overcome performance trade-offs inherent in typical softening spring-damper vibration isolation systems. This work is presented as a two-part paper. Part I of this study presents the modification of the Preisach model for representing SMA pseudoelastic tube response together with the implemented identification methodology. Part I also presents the development of a physically based simplified SMA model followed by model comparisons with the actual tube response. Part II of this work covers extensive parametric study of a pseudoelastic SMA spring-mass system using both models developed in Part I. Part II also presents numerical simulations of a dynamic system based on the prototype device, results of actual testing of the device and correlations of the experimental cases with the model predictions.},
	language = {en},
	number = {6},
	urldate = {2015-05-11},
	journal = {Journal of Intelligent Material Systems and Structures},
	author = {Khan, Mughees M. and Lagoudas, Dimitris C. and Mayes, John J. and Henderson, Benjamin K.},
	month = jun,
	year = {2004},
	keywords = {damping, dynamic system, hysteresis, passive actuator, passive vibration isolation, pseudoelasticity, shape memory alloy, system identification, vibration},
	pages = {415--441},
	file = {Full Text PDF:C\:\\Users\\Pedro Leal\\AppData\\Roaming\\Mozilla\\Firefox\\Profiles\\jng6zkj7.default\\zotero\\storage\\EV2DR5WM\\Khan et al. - 2004 - Pseudoelastic SMA Spring Elements for Passive Vibr.pdf:application/pdf;Snapshot:C\:\\Users\\Pedro Leal\\AppData\\Roaming\\Mozilla\\Firefox\\Profiles\\jng6zkj7.default\\zotero\\storage\\G2Q7FBVS\\415.html:text/html}
}

@book{gurtin_mechanics_2010,
	title = {The mechanics and thermodynamics of continua},
	url = {https://books.google.com/books?hl=en&lr=&id=eGUQQaDsTsQC&oi=fnd&pg=PR5&dq=%22Principal+stretches+and+principal%22+%22Velocity+gradient+.+.+.+.+.+.+.+.+.+.%22+%22Material+and+spatial%22+%22Deformation+of+volume+.%22+%22Deformation+of+normals%22+&ots=29s4u_29co&sig=HtvskXI5941FEzZqrPiSCO_WJY8},
	urldate = {2015-11-11},
	publisher = {Cambridge University Press},
	author = {Gurtin, Morton E. and Fried, Eliot and Anand, Lallit},
	year = {2010},
	keywords = {important},
	file = {0.pdf:C\:\\Users\\Pedro Leal\\AppData\\Roaming\\Mozilla\\Firefox\\Profiles\\jng6zkj7.default\\zotero\\storage\\I4IR6R8A\\0.pdf:application/pdf}
}

@book{anderson_fundamentals_2011,
	address = {New York},
	edition = {5th ed},
	series = {Anderson series},
	title = {Fundamentals of aerodynamics},
	isbn = {978-0-07-339810-5 0-07-339810-1},
	publisher = {McGraw-Hill},
	author = {Anderson, John D.},
	year = {2011},
	keywords = {Aerodynamics},
	annote = {Aerodynamics -- Aerodynamics -- Fundamentals of inviscid, incompressible flow -- Incompressible flow over airfoils -- Incompressible flow over finite wings -- Three-dimensional incompressible flow -- Compressible flow -- Normal shock waves and related topics -- Oblique shock and expansion waves -- Compressible flow through nozzles, diffusers, and wind tunnels -- Subsonic compressible flow over airfoils -- Linearized supersonic flow -- Introduction to numerical techniques for nonlinear supersonic flow -- Elements of hypersonic flow -- Introduction to the fundamental principles and equations of viscous flow -- Special case},
	file = {Fundamentals of Aerodynamics 5th edition [John D. Anderson, Jr.] Charm-Quark .pdf:C\:\\Users\\Pedro Leal\\AppData\\Roaming\\Mozilla\\Firefox\\Profiles\\jng6zkj7.default\\zotero\\storage\\G26PU45H\\Fundamentals of Aerodynamics 5th edition [John D. Anderson, Jr.] Charm-Quark .pdf:application/pdf}
}

@book{valasek_morphing_2012,
	address = {Reston, VA},
	series = {{AIAA} progress series},
	title = {Morphing aerospace vehicles and structures},
	isbn = {978-0-470-97286-1 978-1-60086-903-7},
	publisher = {John Wiley \& Sons},
	editor = {Valasek, John},
	year = {2012},
	keywords = {Aerospace engineering, Airplanes, Design and construction}
}

@book{ward_electrical_1971,
	title = {Electrical {Engineering} {Science}},
	publisher = {McGraw-Hill},
	author = {Ward, M.R.},
	year = {1971}
}

@article{hartl_aerospace_2007,
	title = {Aerospace applications of shape memory alloys},
	volume = {221},
	issn = {0954-4100, 2041-3025},
	url = {http://pig.sagepub.com/lookup/doi/10.1243/09544100JAERO211},
	doi = {10.1243/09544100JAERO211},
	number = {4},
	urldate = {2015-05-11},
	journal = {Proceedings of the Institution of Mechanical Engineers, Part G: Journal of Aerospace Engineering},
	author = {Hartl, D J and Lagoudas, D C},
	month = jan,
	year = {2007},
	keywords = {important},
	pages = {535--552},
	file = {535.full.pdf:C\:\\Users\\Pedro Leal\\AppData\\Roaming\\Mozilla\\Firefox\\Profiles\\jng6zkj7.default\\zotero\\storage\\WWZMMCFP\\535.full.pdf:application/pdf}
}

@article{donnelan_design_2005,
	title = {Design and testing of linear shape memory alloy actuator},
	url = {http://tiims.tamu.edu/2005summerreu/papers/donnellan.pdf},
	urldate = {2015-05-15},
	journal = {Final Report, National Science Foundation–Research Experience for Undergraduates},
	author = {Donnelan, Q. A.},
	year = {2005},
	keywords = {linear actuator, mechanism},
	file = {Donnellan.pdf:C\:\\Users\\Pedro Leal\\AppData\\Roaming\\Mozilla\\Firefox\\Profiles\\jng6zkj7.default\\zotero\\storage\\3WMJ6KDA\\Donnellan.pdf:application/pdf}
}

@inproceedings{de_aguiar_shape_2009,
	title = {Shape memory alloy helical springs: modeling, simulation and experimental analysis},
	volume = {2},
	shorttitle = {Shape memory alloy helical springs},
	url = {http://www.researchgate.net/profile/Marcelo_Savi/publication/242163391_Shape_memory_alloy_helical_springs_modeling_simulation_and_experimental_analysis/links/0046352911432c9b2f000000.pdf},
	urldate = {2015-03-16},
	booktitle = {{ABCM} {Symposium} {Series} in {Solid} {Mechanics} in {Brazil}},
	author = {de Aguiar, Ricardo Alexandre Amar and Pereira, Juliana Hoyer Insaurrauld and de Souza, Cristina Gomes and Pacheco, Pedro Manuel Calas Lopes and Savi, Marcelo Amorim},
	year = {2009},
	keywords = {linear actuator, Springs},
	pages = {169--182},
	file = {SSSM_10.pdf:C\:\\Users\\Pedro Leal\\AppData\\Roaming\\Mozilla\\Firefox\\Profiles\\jng6zkj7.default\\zotero\\storage\\RDKC77W6\\SSSM_10.pdf:application/pdf}
}

@article{follador_general_2012,
	title = {A general method for the design and fabrication of shape memory alloy active spring actuators},
	volume = {21},
	issn = {0964-1726, 1361-665X},
	url = {http://stacks.iop.org/0964-1726/21/i=11/a=115029?key=crossref.27c12aa1f2429bc05ee2bd8dbaf9b9ea},
	doi = {10.1088/0964-1726/21/11/115029},
	number = {11},
	urldate = {2015-03-17},
	journal = {Smart Materials and Structures},
	author = {Follador, M and Cianchetti, M and Arienti, A and Laschi, C},
	month = nov,
	year = {2012},
	keywords = {important},
	pages = {115029},
	file = {0.pdf:C\:\\Users\\Pedro Leal\\AppData\\Roaming\\Mozilla\\Firefox\\Profiles\\jng6zkj7.default\\zotero\\storage\\5F5HS5ES\\0.pdf:application/pdf}
}

@book{schmidt_modern_2012,
	address = {New York, NY},
	title = {Modern flight dynamics},
	isbn = {978-0-07-339811-2 0-07-339811-X},
	publisher = {McGraw-Hill},
	author = {Schmidt, D. K.},
	year = {2012},
	keywords = {Aerodynamics, Flight control, Flight engineering}
}

@article{lagoudas_sma_2003,
	title = {{SMA} {UM}: {User} {Material} {Subroutine} for {Thermomechanical} {Constitutive} {Model} of {Shape} {Memory} {Alloys}},
	shorttitle = {{SMA} {UM}},
	url = {http://www.researchgate.net/publication/239541732_SMA_UM_User_Material_Subroutine_for_Thermomechanical_Constitutive_Model_of_Shape_Memory_Alloys},
	urldate = {2015-03-16},
	author = {Lagoudas, Dimitris C. and Bo, Zhonghe and Qidwai, Muhammad A. and Entchev, Pavlin B.},
	year = {2003},
	file = {SMA_UM_Manual.pdf:C\:\\Users\\Pedro Leal\\AppData\\Roaming\\Mozilla\\Firefox\\Profiles\\jng6zkj7.default\\zotero\\storage\\NQQWIX2M\\SMA_UM_Manual.pdf:application/pdf}
}

@book{lagoudas_shape_2008,
	address = {New York},
	edition = {1st ed},
	title = {Shape memory alloys: modeling and engineering applications},
	isbn = {978-0-387-47684-1 978-0-387-47685-8},
	shorttitle = {Shape memory alloys},
	publisher = {Springer},
	author = {Lagoudas, Dimitris},
	year = {2008},
	keywords = {important},
	file = {sma_lagoudas.pdf:C\:\\Users\\Pedro Leal\\AppData\\Roaming\\Mozilla\\Firefox\\Profiles\\jng6zkj7.default\\zotero\\storage\\49QHVNRT\\sma_lagoudas.pdf:application/pdf}
}

@inproceedings{lima_influence_2013,
	title = {Influence of {Temperature} {Variations} on {The} {Vibration} of {Shape} {Memory} {Alloy} {Structures} {Using} {Finite} {Element} {Analysis}},
	url = {http://www.abcm.org.br/pt/wp-content/anais/cobem/2013/PDF/2256.pdf},
	urldate = {2015-03-08},
	booktitle = {Proceedings of the 22nd {International} {Congress} of {Mechanical} {Engineering} ({COBEM} 2013), {Ribeiro} {Preto}, {SP}, {Brazil}},
	author = {Lima, Klaus Reis von H. and Savi, Marcelo A. and Hartl, Darren J. and Lagoudas, Dimitris C.},
	year = {2013},
	keywords = {surface actuator},
	file = {Klaus - Influence of temperature variations on the vibration of shape memory alloy structures using finite element analysis.pdf:C\:\\Users\\Pedro Leal\\AppData\\Roaming\\Mozilla\\Firefox\\Profiles\\jng6zkj7.default\\zotero\\storage\\BMRND6KH\\Klaus - Influence of temperature variations on the vibration of shape memory alloy structures using finite element analysis.pdf:application/pdf}
}

@article{paiva_overview_2006,
	title = {An overview of constitutive models for shape memory alloys},
	volume = {2006},
	issn = {1024-123X, 1563-5147},
	url = {http://www.hindawi.com/journals/mpe/2006/056876/abs/},
	doi = {10.1155/MPE/2006/56876},
	language = {en},
	urldate = {2016-02-04},
	journal = {Mathematical Problems in Engineering},
	author = {Paiva, Alberto and Savi, Marcelo Amorim},
	year = {2006},
	pages = {1--30},
	file = {056876.pdf:C\:\\Users\\Pedro Leal\\AppData\\Roaming\\Mozilla\\Firefox\\Profiles\\jng6zkj7.default\\zotero\\storage\\T72NU2RR\\056876.pdf:application/pdf}
}

@article{speicher_shape_2009,
	title = {Shape {Memory} {Alloy} {Tension}/{Compression} {Device} for {Seismic} {Retrofit} of {Buildings}},
	volume = {18},
	issn = {1059-9495, 1544-1024},
	url = {http://link.springer.com/article/10.1007/s11665-009-9433-7},
	doi = {10.1007/s11665-009-9433-7},
	abstract = {A tension/compression device is developed for applications as bracing elements in buildings. The device is designed to allow Nitinol forms, such as helical springs or Belleville washers, to be used in compression. The device allows both overall extension (tension) and compression while subjecting the Nitinol to an optimum deformation mode. It is possible, due to the versatility of the design, to adjust the force and stroke of the device without changing the overall configuration. This new device is subjected to a cyclic loading protocol that tests the Nitinol element’s ability to recover large deformations. The effect of different Nitinol configurations and a cyclic loading history are evaluated in the study. The results show that Nitinol helical springs produce good recentering and damping behavior while Nitinol Belleville washers show good potential to form the basis for a Nitinol damping device.},
	language = {en},
	number = {5-6},
	urldate = {2015-04-22},
	journal = {Journal of Materials Engineering and Performance},
	author = {Speicher, Matthew and Hodgson, Darel E. and DesRoches, Reginald and Leon, Roberto T.},
	month = may,
	year = {2009},
	keywords = {Belleville washer, damper, passive actuator},
	pages = {746--753},
	file = {Full Text PDF:C\:\\Users\\Pedro Leal\\AppData\\Roaming\\Mozilla\\Firefox\\Profiles\\jng6zkj7.default\\zotero\\storage\\SB3876HK\\Speicher et al. - 2009 - Shape Memory Alloy TensionCompression Device for .pdf:application/pdf;Snapshot:C\:\\Users\\Pedro Leal\\AppData\\Roaming\\Mozilla\\Firefox\\Profiles\\jng6zkj7.default\\zotero\\storage\\G2WM5NVS\\s11665-009-9433-7.html:text/html}
}

@article{senthilkumar_analysis_2012,
	title = {Analysis of {SMA} {Actuated} {Plain} {Flap} {Wing}},
	volume = {5},
	url = {http://www.jestr.org/downloads/volume5issue1/fulltext08050112.pdf},
	number = {1},
	urldate = {2015-03-08},
	journal = {Journal of Engineering Science and Technology Review},
	author = {Senthilkumar, M.},
	year = {2012},
	pages = {39--43},
	file = {Analysis of SMA Actuated Plain Flap Wing.pdf:C\:\\Users\\Pedro Leal\\AppData\\Roaming\\Mozilla\\Firefox\\Profiles\\jng6zkj7.default\\zotero\\storage\\REST832G\\Analysis of SMA Actuated Plain Flap Wing.pdf:application/pdf}
}

@article{airoldi_electric_1997,
	title = {The electric resistance of shape memory alloys in the pseudoelastic regime},
	volume = {7},
	url = {http://plastox.edpsciences.org/articles/jp4/abs/1997/05/jp4199707C580/jp4199707C580.html},
	number = {C5},
	urldate = {2015-05-23},
	journal = {Le Journal de Physique IV},
	author = {Airoldi, G. and Lodi, D. A. and Pozzi, M.},
	year = {1997},
	keywords = {electric actuators, electric resistance},
	pages = {C5--507},
	file = {document.pdf:C\:\\Users\\Pedro Leal\\AppData\\Roaming\\Mozilla\\Firefox\\Profiles\\jng6zkj7.default\\zotero\\storage\\MTUJNTCD\\document.pdf:application/pdf}
}

@inproceedings{pozzi_electrical_1999,
	address = {Santa Clara, Calif},
	title = {The  electrical  transport  properties  of  shape  memory  alloys},
	isbn = {0-9660508-1-9 0-9660508-1-9},
	language = {eng},
	publisher = {SMST},
	author = {Pozzi, M. and Airoldi, G.},
	year = {1999},
	keywords = {charazterization, electric actuator, Memory-Legierung},
	file = {Pozzi and Airoldi - 1997 - The  electrical  transport  properties  of  shape .pdf:C\:\\Users\\Pedro Leal\\AppData\\Roaming\\Mozilla\\Firefox\\Profiles\\jng6zkj7.default\\zotero\\storage\\RHV6U9D2\\Pozzi and Airoldi - 1997 - The  electrical  transport  properties  of  shape .pdf:application/pdf}
}

@article{song_active_2000,
	title = {Active position control of a shape memory alloy wire actuated composite beam},
	volume = {9},
	url = {http://iopscience.iop.org/0964-1726/9/5/316},
	number = {5},
	urldate = {2015-05-11},
	journal = {Smart Materials and Structures},
	author = {Song, Gangbing and Kelly, Brian and Agrawal, Brij N.},
	year = {2000},
	keywords = {surface actuator},
	pages = {711},
	file = {0964-1726_9_5_316.pdf:C\:\\Users\\Pedro Leal\\AppData\\Roaming\\Mozilla\\Firefox\\Profiles\\jng6zkj7.default\\zotero\\storage\\R3GKRKHC\\0964-1726_9_5_316.pdf:application/pdf}
}

@article{savi_phenomenological_2002,
	title = {Phenomenological {Modeling} and {Numerical} {Simulation} of {Shape} {Memory} {Alloys}: {A} {Thermo}-{Plastic}-{Phase} {Transformation} {Coupled} {Model}},
	volume = {13},
	issn = {1045-389X, 1530-8138},
	shorttitle = {Phenomenological {Modeling} and {Numerical} {Simulation} of {Shape} {Memory} {Alloys}},
	url = {http://jim.sagepub.com/content/13/5/261},
	doi = {10.1177/104538902761696742},
	abstract = {The thermomechanical behavior of shape memory alloys (SMAs) may be modeled either by microscopic or macroscopic point of view. Shape memory, pseudoelasticity and thermal expansion are phenomena related to the SMA behavior. Constitutive models consider phenomenological aspects of these phenomena. The present contribution considers a one-dimensional constitutive model with internal constraint to describe SMA behavior including the effect of plastic strains. The proposed theory contemplates four phases: three variants of martensite and an austenitic phase. Different material parameters for austenitic and martensitic phases are considered. Thermal expansion phenomenon and plastic effects are also contemplated. Hardening effect is represented by a combination of kinematic and isotropic behaviors. A plastic-phase transformation coupling is incorporated into the model. A numerical procedure is developed and numerical results show that the proposed model is capable to capture the general thermomechanical behavior of shape memory alloys.},
	language = {en},
	number = {5},
	urldate = {2015-05-11},
	journal = {Journal of Intelligent Material Systems and Structures},
	author = {Savi, Marcelo A. and Paiva, Alberto and Baeta-Neves, Alessandro P. and Pacheco, Pedro M. C. L.},
	month = may,
	year = {2002},
	pages = {261--273},
	file = {Full Text PDF:C\:\\Users\\Pedro Leal\\AppData\\Roaming\\Mozilla\\Firefox\\Profiles\\jng6zkj7.default\\zotero\\storage\\7FWW8XVP\\Savi et al. - 2002 - Phenomenological Modeling and Numerical Simulation.pdf:application/pdf;Snapshot:C\:\\Users\\Pedro Leal\\AppData\\Roaming\\Mozilla\\Firefox\\Profiles\\jng6zkj7.default\\zotero\\storage\\HDCT6HMP\\261.html:text/html}
}

@book{budynas_shigleys_2015,
	address = {New York, NY},
	edition = {Tenth edition},
	series = {Mcgraw-{Hill} series in mechanical engineering},
	title = {Shigley's mechanical engineering design},
	isbn = {978-0-07-339820-4 0-07-339820-9},
	publisher = {McGraw-Hill Education},
	author = {Budynas, Richard G. and Nisbett, J. Keith and Shigley, Joseph Edward},
	year = {2015},
	keywords = {Machine design, Springs},
	annote = {Includes index},
	file = {Mechanical Engineering Design (8a Ed) - Shigley.pdf:C\:\\Users\\Pedro Leal\\AppData\\Roaming\\Mozilla\\Firefox\\Profiles\\jng6zkj7.default\\zotero\\storage\\CIKI5QQM\\Mechanical Engineering Design (8a Ed) - Shigley.pdf:application/pdf}
}

@patent{jee_actuator_2014,
	title = {Actuator using shape memory alloy},
	url = {http://www.google.com/patents/US20140007571},
	abstract = {A shape memory alloy (SMA) actuator. The SMA actuator, which generates an operating force by using SMA elements, includes fixed member, movable member mounted on fixed member to move between first position and second position, first SMA element mounted to positionally move the movable member to the first position, a second SMA element mounted to positionally move the movable member to second position, a first position fixing means for positionally fixing the movable member at the first position by a magnetic force in such a way that the movable member is separable from first position fixing means, and second position fixing means for positionally fixing the movable member at the second position by a magnetic force in such a way that the movable member is separable from the second position fixing means. According to the present invention, a high reaction speed and remarkably reduced power consumption can be provided.},
	nationality = {United States},
	assignee = {Korea Institute Of Science And Technology},
	number = {US20140007571 A1},
	urldate = {2015-05-11},
	author = {Jee, Kwang Koo},
	month = jan,
	year = {2014},
	note = {U.S. Classification 60/527; International Classification F03G7/06; Cooperative Classification F03G7/065},
	file = {Google Patents PDF:C\:\\Users\\Pedro Leal\\AppData\\Roaming\\Mozilla\\Firefox\\Profiles\\jng6zkj7.default\\zotero\\storage\\IPU69473\\Jee - 2014 - Actuator using shape memory alloy.pdf:application/pdf}
}

@article{enemark_nonlinear_2014,
	title = {Nonlinear dynamics of a pseudoelastic shape memory alloy system - theory and experiment},
	volume = {23},
	issn = {0964-1726},
	url = {http://iopscience.iop.org/0964-1726/23/8/085018},
	doi = {10.1088/0964-1726/23/8/085018},
	abstract = {In this work, a helical spring made from a pseudoelastic shape memory alloy was embedded in a dynamic system also composed of a mass, a linear spring and an excitation system. The mechanical behaviour of shape memory alloys is highly complex, involving hysteresis, which leads to damping capabilities and varying stiffness. Besides, these properties depend on the temperature and pretension conditions. Because of these capabilities, shape memory alloys are interesting in relation to engineering design of dynamic systems. A theoretical model based on a modification of the 1D Brinson model was established. Basically, the hardening and the sub-loop behaviour were altered. The model parameters were extracted from force–displacement tests of the spring at different constant temperatures as well as from differential scanning calorimetry. Model predictions were compared with experimental results of free and forced vibrations of the system setup under different temperature conditions. The experiments give a thorough insight into dynamic systems involving pseudoelastic shape memory alloys. Comparison between experimental results and the proposed model shows that the model is able to explain and predict the overall nonlinear behaviour of the system.},
	language = {en},
	number = {8},
	urldate = {2015-04-09},
	journal = {Smart Materials and Structures},
	author = {Enemark, S. and Savi, M. A. and Santos, I. F.},
	month = aug,
	year = {2014},
	keywords = {shape memory alloy, Springs, stiffness actuator},
	file = {Full Text PDF:C\:\\Users\\Pedro Leal\\AppData\\Roaming\\Mozilla\\Firefox\\Profiles\\jng6zkj7.default\\zotero\\storage\\4J4XIMMG\\Enemark et al. - 2014 - Nonlinear dynamics of a pseudoelastic shape memory.pdf:application/pdf;Snapshot:C\:\\Users\\Pedro Leal\\AppData\\Roaming\\Mozilla\\Firefox\\Profiles\\jng6zkj7.default\\zotero\\storage\\VG8ZKVZI\\085018.html:text/html}
}

@article{hartl_use_2010,
	title = {Use of a {Ni}60Ti shape memory alloy for active jet engine chevron application: {II}. {Experimentally} validated numerical analysis},
	volume = {19},
	issn = {0964-1726, 1361-665X},
	shorttitle = {Use of a {Ni}60Ti shape memory alloy for active jet engine chevron application},
	url = {http://stacks.iop.org/0964-1726/19/i=1/a=015021?key=crossref.06b07aafcd82275956a270e0969da315},
	doi = {10.1088/0964-1726/19/1/015021},
	number = {1},
	urldate = {2015-05-12},
	journal = {Smart Materials and Structures},
	author = {Hartl, D J and Mooney, J T and Lagoudas, D C and Calkins, F T and Mabe, J H},
	month = jan,
	year = {2010},
	keywords = {surface actuator},
	pages = {015021},
	file = {0964-1726_19_1_015021.pdf:C\:\\Users\\Pedro Leal\\AppData\\Roaming\\Mozilla\\Firefox\\Profiles\\jng6zkj7.default\\zotero\\storage\\2I9V2USZ\\0964-1726_19_1_015021.pdf:application/pdf}
}

@article{gonzalez_coupled_2004,
	title = {Coupled stress-strain and electrical resistivity measurements on copper based shape memory single crystals},
	volume = {7},
	url = {http://www.scielo.br/scielo.php?pid=S1516-14392004000200014&script=sci_arttext},
	number = {2},
	urldate = {2015-05-23},
	journal = {Materials Research},
	author = {Gonzalez, Cezar Henrique and Quadros, Ney Freitas de and Araújo, Carlos José de and Morin, Michel and Guénin, Gerard},
	year = {2004},
	keywords = {electric resistance},
	pages = {305--311},
	file = {20256.pdf:C\:\\Users\\Pedro Leal\\AppData\\Roaming\\Mozilla\\Firefox\\Profiles\\jng6zkj7.default\\zotero\\storage\\Z7E6VJWU\\20256.pdf:application/pdf}
}

@article{lagoudas_constitutive_2012,
	title = {Constitutive model for the numerical analysis of phase transformation in polycrystalline shape memory alloys},
	volume = {32-33},
	issn = {07496419},
	url = {http://linkinghub.elsevier.com/retrieve/pii/S0749641911001793},
	doi = {10.1016/j.ijplas.2011.10.009},
	language = {en},
	urldate = {2015-05-12},
	journal = {International Journal of Plasticity},
	author = {Lagoudas, Dimitris and Hartl, Darren and Chemisky, Yves and Machado, Luciano and Popov, Peter},
	month = may,
	year = {2012},
	keywords = {important},
	pages = {155--183},
	file = {1-s2.0-S0749641911001793-main.pdf:C\:\\Users\\Pedro Leal\\AppData\\Roaming\\Mozilla\\Firefox\\Profiles\\jng6zkj7.default\\zotero\\storage\\TZZVA5C6\\1-s2.0-S0749641911001793-main.pdf:application/pdf}
}

@inproceedings{ikuta_shape_1988,
	title = {Shape memory alloy servo actuator system with electric resistance feedback and application for active endoscope},
	doi = {10.1109/ROBOT.1988.12085},
	abstract = {A control system for a shape memory alloy (SMA) servo actuator, and its application to a unique medical tool, are considered. It is thought that the electric resistance value of an SMA can be utilized to monitor the transformation of the SMA directly. Therefore, an antagonistic transformation control scheme using electric resistance feedback is proposed and is verified by several experiments. This control scheme reduces the open-loop hysteresis of an SMA actuator and improves greatly its robustness against heat disturbance due to changes in the cooling condition. Research into the application of the method in an active endoscope is reported. It consists of five segments of 13 mm diameter, 40 mm length each. The bending angle of each segment can be controlled individually from outside by using antagonistic electric resistance feedback without any motion sensors. A model for smooth insertion to the colon is verified},
	booktitle = {, 1988 {IEEE} {International} {Conference} on {Robotics} and {Automation}, 1988. {Proceedings}},
	author = {Ikuta, K. and Tsukamoto, M. and Hirose, S.},
	month = apr,
	year = {1988},
	keywords = {Actuators, antagonistic transformation control scheme, bending angle, biomedical equipment, Biomedical monitoring, colon, Control systems, electric actuators, electric actuators, electric resistance, electric resistance, feedback, fibre optic instrument, fibre optic sensors, heat disturbance, Medical control systems, medical tool, Open loop systems, robustness, servo actuator, servomechanisms},
	pages = {427--430 vol.1},
	annote = {Bias vs Antagonic
Driving configuration of SMA servo actuators to achieve cyclic motion can be classified to two types. The fist type consists of one SMA actuator for contract and one bias spring for expand. The second is "antagonistic type" actuators which consist of a pair of SMA actuators arranged antagonistically. The second one has better controllability and response property than the fist one , because we can control the motion in both of two directions actively . 
Therefore, we will advance resistance feedback control for antagonistic type SMA actuators. },
	file = {IEEE Xplore Abstract Record:C\:\\Users\\Pedro Leal\\AppData\\Roaming\\Mozilla\\Firefox\\Profiles\\jng6zkj7.default\\zotero\\storage\\HC9S6BE3\\abs_all.html:text/html;IEEE Xplore Full Text PDF:C\:\\Users\\Pedro Leal\\AppData\\Roaming\\Mozilla\\Firefox\\Profiles\\jng6zkj7.default\\zotero\\storage\\PRUMS25U\\Ikuta et al. - 1988 - Shape memory alloy servo actuator system with elec.pdf:application/pdf}
}

@inproceedings{ikuta_micro/miniature_1990,
	title = {Micro/miniature shape memory alloy actuator},
	doi = {10.1109/ROBOT.1990.126323},
	abstract = {Shape memory alloy (SMA) has great potential for microminiature actuators. The feasibility is discussed, and theoretical estimates based on scale effect are presented. Control schemes for microminiature SMA servoactuators are discussed, and a control scheme is proposed. Combined with electric resistance feedback and position feedback, it enables the author to control stiffness of SMA directly and to sense force without a force sensor. Experimental verifications are reported. The application of a miniature SMA actuator to a miniature clean gripper with position-force hybrid control for microelectronics manufacture is presented. Fabrication of a thin film micro SMA actuator is investigated},
	booktitle = {, 1990 {IEEE} {International} {Conference} on {Robotics} and {Automation}, 1990. {Proceedings}},
	author = {Ikuta, K.},
	month = may,
	year = {1990},
	keywords = {electric actuators, electric resistance, mechanism, micro actuator, microminiature actuators, position feedback, position-force hybrid control, robots, servoactuators},
	pages = {2156--2161 vol.3},
	file = {IEEE Xplore Abstract Record:C\:\\Users\\Pedro Leal\\AppData\\Roaming\\Mozilla\\Firefox\\Profiles\\jng6zkj7.default\\zotero\\storage\\CX5G874A\\abs_all.html:text/html;IEEE Xplore Full Text PDF:C\:\\Users\\Pedro Leal\\AppData\\Roaming\\Mozilla\\Firefox\\Profiles\\jng6zkj7.default\\zotero\\storage\\JE377KUF\\Ikuta - 1990 - Microminiature shape memory alloy actuator.pdf:application/pdf}
}

@article{mirzaeifar_combined_2011,
	title = {A combined analytical, numerical, and experimental study of shape-memory-alloy helical springs},
	volume = {48},
	issn = {0020-7683},
	url = {http://www.sciencedirect.com/science/article/pii/S002076831000380X},
	doi = {10.1016/j.ijsolstr.2010.10.026},
	abstract = {In this paper, the pseudoelastic response of shape memory alloy (SMA) helical springs under axial force is studied both analytically and numerically. In the analytical solution two different approximations are considered. In the first approximation, both the curvature and pitch effects are assumed to be negligible. This is the case for helical springs with large ratios of mean coil radius to the cross sectional radius (spring index) and small pitch angles. Using this assumption, analysis of the helical spring is reduced to that of the pure torsion of a straight bar with circular cross section. A three-dimensional phenomenological macroscopic constitutive model for polycrystalline SMAs is reduced to the one-dimensional pure shear case and a closed-form solution for torsional response of SMA bars in loading and unloading is obtained. In the next step, the curvature effect is included and the SMA helical spring is analyzed using the exact solution presented for torsion of curved SMA bars. In this refined solution, the effect of the direct shear force is also considered. In the numerical analyses, the three-dimensional constitutive equations are implemented in a finite element method and using solid elements the loading–unloading of an SMA helical spring is simulated. Analytical and numerical results are compared and it is shown that the solution based on the SMA curved bar torsion gives an accurate stress analysis in the cross section of the helical SMA spring in addition to the global load–deflection response. All the results are compared with experimental data for a Nitinol helical spring. Several case studies are presented using the proposed analytical and numerical solutions and the effect of changing different parameters such as the material properties and temperature on the loading–unloading hysteretic response of SMA helical springs is studied. Finally, some practical recommendations are given for improving the performance of SMA helical springs used as energy dissipating devices, for example for seismic applications.},
	number = {3–4},
	urldate = {2015-03-16},
	journal = {International Journal of Solids and Structures},
	author = {Mirzaeifar, Reza and DesRoches, Reginald and Yavari, Arash},
	month = feb,
	year = {2011},
	keywords = {linear actuator, Pseudoelastic, Springs},
	pages = {611--624},
	file = {ScienceDirect Full Text PDF:C\:\\Users\\Pedro Leal\\AppData\\Roaming\\Mozilla\\Firefox\\Profiles\\jng6zkj7.default\\zotero\\storage\\T5NNJETX\\Mirzaeifar et al. - 2011 - A combined analytical, numerical, and experimental.pdf:application/pdf;ScienceDirect Snapshot:C\:\\Users\\Pedro Leal\\AppData\\Roaming\\Mozilla\\Firefox\\Profiles\\jng6zkj7.default\\zotero\\storage\\EWCGK825\\S002076831000380X.html:text/html}
}

@article{barbarino_review_2014,
	title = {A review on shape memory alloys with applications to morphing aircraft},
	volume = {23},
	issn = {0964-1726, 1361-665X},
	url = {http://stacks.iop.org/0964-1726/23/i=6/a=063001?key=crossref.dc266334883b4be97abbf231bfa584de},
	doi = {10.1088/0964-1726/23/6/063001},
	number = {6},
	urldate = {2015-05-15},
	journal = {Smart Materials and Structures},
	author = {Barbarino, S and Saavedra Flores, E I and Ajaj, R M and Dayyani, I and Friswell, M I},
	month = jun,
	year = {2014},
	pages = {063001},
	file = {0964-1726_23_6_063001.pdf:C\:\\Users\\Pedro Leal\\AppData\\Roaming\\Mozilla\\Firefox\\Profiles\\jng6zkj7.default\\zotero\\storage\\FKAVXU76\\0964-1726_23_6_063001.pdf:application/pdf}
}

@article{qidwai_thermomechanics_2000,
	title = {On thermomechanics and transformation surfaces of polycrystalline {NiTi} shape memory alloy material},
	volume = {16},
	url = {http://www.sciencedirect.com/science/article/pii/S0749641900000127},
	number = {10},
	urldate = {2015-03-18},
	journal = {International Journal of Plasticity},
	author = {Qidwai, M. A. and Lagoudas, D. C.},
	year = {2000},
	pages = {1309--1343},
	file = {1-s2.0-S0749641900000127-main.pdf:C\:\\Users\\Pedro Leal\\AppData\\Roaming\\Mozilla\\Firefox\\Profiles\\jng6zkj7.default\\zotero\\storage\\IA7ETWQ7\\1-s2.0-S0749641900000127-main.pdf:application/pdf}
}

@article{oehler_design_2012,
	title = {Design optimization and uncertainty analysis of {SMA} morphing structures},
	volume = {21},
	issn = {0964-1726, 1361-665X},
	url = {http://stacks.iop.org/0964-1726/21/i=9/a=094016?key=crossref.f2de3e89f2dda1b7ecce90a376421a38},
	doi = {10.1088/0964-1726/21/9/094016},
	number = {9},
	urldate = {2015-03-08},
	journal = {Smart Materials and Structures},
	author = {Oehler, S D and Hartl, D J and Lopez, R and Malak, R J and Lagoudas, D C},
	month = sep,
	year = {2012},
	keywords = {important},
	pages = {094016},
	file = {Design optimization and uncertainty analysis of SMA morphing structures.pdf:C\:\\Users\\Pedro Leal\\AppData\\Roaming\\Mozilla\\Firefox\\Profiles\\jng6zkj7.default\\zotero\\storage\\956WJXRJ\\Design optimization and uncertainty analysis of SMA morphing structures.pdf:application/pdf}
}

@article{kudva_overview_2004,
	title = {Overview of the {DARPA} {Smart} {Wing} {Project}},
	volume = {15},
	issn = {1045389X, 00000000},
	url = {http://jim.sagepub.com/cgi/doi/10.1177/1045389X04042796},
	doi = {10.1177/1045389X04042796},
	language = {en},
	number = {4},
	urldate = {2015-05-11},
	journal = {Journal of Intelligent Materials Systems and Structures},
	author = {Kudva, J. N.},
	month = apr,
	year = {2004},
	keywords = {rotational actuator, twisting actuator},
	pages = {261--267},
	file = {261.full.pdf:C\:\\Users\\Pedro Leal\\AppData\\Roaming\\Mozilla\\Firefox\\Profiles\\jng6zkj7.default\\zotero\\storage\\DQXVZ5PF\\261.full.pdf:application/pdf}
}

@article{enemark_shape_2015,
	title = {Shape memory alloys applied to improve rotor-bearing system dynamics–an experimental investigation},
	url = {https://ssl4799.websiteseguro.com/swge5/PDF/DIN-2015-0009_17415.PDF},
	urldate = {2015-04-09},
	author = {Enemark, Søren and Santos, Ilmar F. and Savi, Marcelo A.},
	year = {2015},
	keywords = {active control, Springs, stiffness actuator},
	file = {DIN-2015-0009_17415.pdf:C\:\\Users\\Pedro Leal\\AppData\\Roaming\\Mozilla\\Firefox\\Profiles\\jng6zkj7.default\\zotero\\storage\\WJJ6J5HF\\DIN-2015-0009_17415.pdf:application/pdf}
}

@article{liang_design_1993,
	title = {Design of {Shape} {Memory} {Alloy} {Springs} {With} {Applications} in {Vibration} {Control}},
	volume = {115},
	issn = {0739-3717},
	url = {http://dx.doi.org/10.1115/1.2930305},
	doi = {10.1115/1.2930305},
	abstract = {Shape memory alloys (SMAs) have several unique characteristics, including their Young’s modulus-temperature relations, shape memory effects, and damping characteristics. The Young’s modulus of the high-temperature austenite of SMAs is about three to four times as large as that of low-temperature martensite. Therefore, a spring made of shape memory alloy can change its spring constant by a factor of three to four. Since a shape memory alloy spring can vary its spring constant, provide recovery stress (shape memory effect), or be designed with a high damping capacity, it may be useful in adaptive vibration control. Some vibration control concepts utilizing the unique characteristics of SMAs will be presented in this paper. Shape memory alloy springs have been used as actuators in many applications although their use in the vibration control area is very recent. Since shape memory alloys differ from conventional alloy materials in many ways, the traditional design approach for springs is not completely suitable for designing SMA springs. Some design approaches based upon linear theory have been proposed for shape memory alloy springs. A more accurate design method for SMA springs based on a new nonlinear thermomechanical constitutive relation of SMA is also presented in this paper.},
	number = {1},
	urldate = {2015-05-11},
	journal = {Journal of Vibration and Acoustics},
	author = {Liang, C. and Rogers, C. A.},
	month = jan,
	year = {1993},
	keywords = {shape memory alloy},
	pages = {129--135}
}

@article{bhattacharyya_experimental_2002,
	title = {Experimental characterization of free convection during thermal phase transformations in shape memory alloy wires},
	volume = {11},
	url = {http://iopscience.iop.org/0964-1726/11/3/312},
	number = {3},
	urldate = {2015-11-11},
	journal = {Smart materials and structures},
	author = {Bhattacharyya, A. and Sweeney, L. and Faulkner, M. G.},
	year = {2002},
	keywords = {charazterization, convection, dynalloy},
	pages = {411},
	file = {pdf.pdf:C\:\\Users\\Pedro Leal\\AppData\\Roaming\\Mozilla\\Firefox\\Profiles\\jng6zkj7.default\\zotero\\storage\\8XRB69AV\\pdf.pdf:application/pdf}
}

@article{colaco_inverse_2006,
	title = {Inverse and optimization problems in heat transfer},
	volume = {28},
	url = {http://www.scielo.br/scielo.php?pid=S1678-58782006000100001&script=sci_arttext&tlng=es},
	number = {1},
	urldate = {2015-09-22},
	journal = {Journal of the Brazilian Society of Mechanical Sciences and Engineering},
	author = {Colaço, Marcelo J. and Orlande, Helcio RB and Dulikravich, George S.},
	year = {2006},
	keywords = {important},
	pages = {1--24},
	file = {0.pdf:C\:\\Users\\Pedro Leal\\AppData\\Roaming\\Mozilla\\Firefox\\Profiles\\jng6zkj7.default\\zotero\\storage\\KTPB6JEV\\0.pdf:application/pdf}
}

@article{pathak_transformation_2010,
	title = {Transformation strain based method for characterization of convective heat transfer from shape memory alloy wires},
	volume = {19},
	issn = {0964-1726, 1361-665X},
	url = {http://stacks.iop.org/0964-1726/19/i=3/a=035005?key=crossref.aaecda5e5b0a91bb70d57ba175d869ca},
	doi = {10.1088/0964-1726/19/3/035005},
	number = {3},
	urldate = {2015-11-11},
	journal = {Smart Materials and Structures},
	author = {Pathak, Anupam and Brei, Diann and Luntz, Jonathan},
	month = mar,
	year = {2010},
	pages = {035005},
	file = {pdf.pdf:C\:\\Users\\Pedro Leal\\AppData\\Roaming\\Mozilla\\Firefox\\Profiles\\jng6zkj7.default\\zotero\\storage\\JIVTJEZB\\pdf.pdf:application/pdf}
}

@book{callister_materials_2010,
	address = {Hoboken, NJ},
	edition = {8th ed},
	title = {Materials science and engineering: an introduction},
	isbn = {978-0-470-41997-7},
	shorttitle = {Materials science and engineering},
	publisher = {John Wiley \& Sons},
	author = {Callister, William D. and Rethwisch, David G.},
	year = {2010},
	keywords = {Materials},
	annote = {Includes Web registration card}
}

@article{grodzevich_normalization_2006,
	title = {Normalization and other topics in multi-objective optimization},
	url = {http://www.maths-in-industry.org/miis/233/1/fmipw1-6.pdf},
	urldate = {2015-09-02},
	author = {Grodzevich, Oleg and Romanko, Oleksandr},
	year = {2006},
	file = {fmipw1-6.pdf:C\:\\Users\\Pedro Leal\\AppData\\Roaming\\Mozilla\\Firefox\\Profiles\\jng6zkj7.default\\zotero\\storage\\7B5CZAJJ\\fmipw1-6.pdf:application/pdf}
}

@book{torenbeek_synthesis_1982,
	title = {Synthesis of {Subsonic} {Airplane} {Design}},
	isbn = {978-94-017-3202-4},
	shorttitle = {Synthesis of {Subsonic} {Airplane} {Design}},
	language = {en},
	publisher = {Springer Science \& Business Media},
	author = {Torenbeek, Egbert},
	year = {1982}
}

@inproceedings{tabesh_influence_2012,
	title = {Influence of the latent heat of transformation and thermomechanical coupling on the performance of shape memory alloy actuators},
	url = {http://proceedings.asmedigitalcollection.asme.org/proceeding.aspx?articleid=1720808},
	urldate = {2016-05-06},
	booktitle = {{ASME} 2012 {Conference} on {Smart} {Materials}, {Adaptive} {Structures} and {Intelligent} {Systems}},
	publisher = {American Society of Mechanical Engineers},
	author = {Tabesh, Majid and Lester, Brian and Hartl, Darren and Lagoudas, Dimitris},
	year = {2012},
	keywords = {shape memory alloy},
	pages = {237--248},
	file = {237_1.pdf:C\:\\Users\\Pedro Leal\\AppData\\Roaming\\Mozilla\\Firefox\\Profiles\\jng6zkj7.default\\zotero\\storage\\QUJV6BQI\\237_1.pdf:application/pdf}
}

@misc{boeing_statistical_2014,
	title = {Statistical {Summary} of {Commercial} {Jet} {Airplane} {Accidents}, {Worldwide} {Operations} {\textbar} 1959 - 2014},
	author = {Boeing},
	year = {2014},
	file = {statsum.pdf:C\:\\Users\\Pedro Leal\\AppData\\Roaming\\Mozilla\\Firefox\\Profiles\\jng6zkj7.default\\zotero\\storage\\VE5QMMGS\\statsum.pdf:application/pdf}
}

@article{perez_pyopt:_2012,
	title = {{pyOpt}: a {Python}-based object-oriented framework for nonlinear constrained optimization},
	volume = {45},
	issn = {1615-147X, 1615-1488},
	shorttitle = {{pyOpt}},
	url = {http://link.springer.com/10.1007/s00158-011-0666-3},
	doi = {10.1007/s00158-011-0666-3},
	language = {en},
	number = {1},
	urldate = {2016-03-19},
	journal = {Structural and Multidisciplinary Optimization},
	author = {Perez, Ruben E. and Jansen, Peter W. and Martins, Joaquim R. R. A.},
	month = jan,
	year = {2012},
	pages = {101--118},
	file = {pyOpt.pdf:C\:\\Users\\Pedro Leal\\AppData\\Roaming\\Mozilla\\Firefox\\Profiles\\jng6zkj7.default\\zotero\\storage\\BM4E4F98\\pyOpt.pdf:application/pdf}
}

@article{deb_fast_2002,
	title = {A fast and elitist multiobjective genetic algorithm: {NSGA}-{II}},
	volume = {6},
	shorttitle = {A fast and elitist multiobjective genetic algorithm},
	url = {http://ieeexplore.ieee.org/xpls/abs_all.jsp?arnumber=996017},
	number = {2},
	urldate = {2016-03-19},
	journal = {Evolutionary Computation, IEEE Transactions on},
	author = {Deb, Kalyanmoy and Pratap, Amrit and Agarwal, Sameer and Meyarivan, TAMT},
	year = {2002},
	pages = {182--197},
	file = {Deb_NSGAII.pdf:C\:\\Users\\Pedro Leal\\AppData\\Roaming\\Mozilla\\Firefox\\Profiles\\jng6zkj7.default\\zotero\\storage\\GEKFXWIX\\Deb_NSGAII.pdf:application/pdf}
}

@book{perkins_shape_1975,
	address = {Boston, MA},
	title = {Shape {Memory} {Effects} in {Alloys}},
	isbn = {978-1-4684-2211-5 978-1-4684-2213-9},
	url = {http://dx.doi.org/10.1007/978-1-4684-2211-5},
	abstract = {1. Deformation, Mechanisms and Other Characteristics of Shape Memory Alloys.- 2. The Mechanical Properties of SME Alloys.- 3. Optical and Electron Microscope Observations of Transformation and Deformation Characteristics in Cu-Al-Ni Marmem Alloys.- 4. Crystallography and Thermodynamics of SME-Martensites.- 5. Martensitic Transformations in?-Phase Alloys.- 6. Lattice Softening and the Origin of SME.- 7. Premartensitic-Martensite Transitions Related to Shape Memory Effect.- 8. Ferroelastic "Memory" and Mechanical Properties in Gold Cadium.- 9. The Shape Memory Effect in TiNi: One Aspect of Stre.},
	language = {English},
	urldate = {2016-03-19},
	publisher = {Springer US : Imprint : Springer},
	author = {Perkins, Jeff},
	year = {1975},
	keywords = {shape memory alloy}
}

@inproceedings{gray_openmdao:_2010,
	title = {{OpenMDAO}: {An} {Open} {Source} {Framework} for {Multidisciplinary} {Analysis} and {Optimization}},
	isbn = {978-1-60086-954-9},
	shorttitle = {{OpenMDAO}},
	url = {http://arc.aiaa.org/doi/abs/10.2514/6.2010-9101},
	doi = {10.2514/6.2010-9101},
	language = {en},
	urldate = {2016-03-19},
	publisher = {American Institute of Aeronautics and Astronautics},
	author = {Gray, Justin and Moore, Kenneth and Naylor, Bret},
	month = sep,
	year = {2010}
}

@article{gill_snopt:_2005,
	title = {{SNOPT}: {An} {SQP} {Algorithm} for {Large}-{Scale} {Constrained} {Optimization}},
	volume = {47},
	issn = {0036-1445, 1095-7200},
	shorttitle = {{SNOPT}},
	url = {http://epubs.siam.org/doi/abs/10.1137/S0036144504446096},
	doi = {10.1137/S0036144504446096},
	language = {en},
	number = {1},
	urldate = {2016-03-20},
	journal = {SIAM Review},
	author = {Gill, Philip E. and Murray, Walter and Saunders, Michael A.},
	month = jan,
	year = {2005},
	pages = {99--131},
	file = {SNOPT-SIGEST.pdf:C\:\\Users\\Pedro Leal\\AppData\\Roaming\\Mozilla\\Firefox\\Profiles\\jng6zkj7.default\\zotero\\storage\\36IRH8NC\\SNOPT-SIGEST.pdf:application/pdf}
}

@article{camara_leal_aeropy:_2016,
	title = {{AeroPy}: {An} easy to use aerodynamics tool},
	shorttitle = {{AeroPy}},
	url = {http://aeropy.readthedocs.io/en/latest/},
	doi = {10.5281/zenodo.45993},
	number = {Alpha},
	urldate = {2016-03-19},
	journal = {[Computer software]},
	author = {Camara Leal, Pedro},
	year = {2016}
}

@article{sofla_two-way_2008,
	title = {Two-way {Antagonistic} {Shape} {Actuation} {Based} on the {One}-way {Shape} {Memory} {Effect}},
	volume = {19},
	issn = {1045-389X},
	url = {http://jim.sagepub.com/cgi/doi/10.1177/1045389X07083026},
	doi = {10.1177/1045389X07083026},
	language = {en},
	number = {9},
	urldate = {2016-03-24},
	journal = {Journal of Intelligent Material Systems and Structures},
	author = {Sofla, A.Y.N. and Elzey, D.M. and Wadley, H.N.G.},
	month = jul,
	year = {2008},
	keywords = {rotational actuator},
	pages = {1017--1027},
	file = {Two-way_Antagonistic_Shape_Actuation.pdf:C\:\\Users\\Pedro Leal\\AppData\\Roaming\\Mozilla\\Firefox\\Profiles\\jng6zkj7.default\\zotero\\storage\\URJT6BCJ\\Two-way_Antagonistic_Shape_Actuation.pdf:application/pdf}
}

@book{drela_xfoil_2001,
	title = {{XFOIL} 6.9 {User} {Primers}},
	publisher = {MIT AERO and Astro, Harold Youngren, Aerocraft, Incl},
	author = {Drela, Mark},
	year = {2001}
}

@book{drela_flight_2014,
	title = {Flight {Vehicle} {Aerodynamics}},
	publisher = {The MIT Press},
	author = {Drela, M.},
	year = {2014}
}

@article{dunn_process_2011,
	title = {Process {Improvement} using {Data}},
	url = {http://stats4eng.connectmv.com/mediafiles/mediawiki/d/d2/Section-3-Process-monitoring-2011.pdf},
	urldate = {2016-03-25},
	journal = {Hamilton, ON, Canada: Statistics for Engineers, Class Notes},
	author = {Dunn, Kevin},
	year = {2011},
	file = {PID.pdf:C\:\\Users\\Pedro Leal\\AppData\\Roaming\\Mozilla\\Firefox\\Profiles\\jng6zkj7.default\\zotero\\storage\\8Z6XR8DQ\\PID.pdf:application/pdf}
}

@misc{_sampson_????,
	title = {{SAMPSON} smart inlet {SMA} powered adaptive lip design and static test ({AIAA})},
	url = {http://arc.aiaa.org/doi/abs/10.2514/6.2001-1359},
	language = {en},
	urldate = {2016-05-09},
	file = {Snapshot:C\:\\Users\\Pedro Leal\\AppData\\Roaming\\Mozilla\\Firefox\\Profiles\\jng6zkj7.default\\zotero\\storage\\TRCGMVZR\\6.html:text/html}
}

@book{brent_algorithms_1972,
	address = {Englewood Cliffs, N.J},
	series = {Prentice-{Hall} series in automatic computation},
	title = {Algorithms for minimization without derivatives},
	isbn = {978-0-13-022335-7},
	publisher = {Prentice-Hall},
	author = {Brent, R. P.},
	year = {1972},
	keywords = {Algorithms, Approximation theory}
}

@book{spong_robot_1989,
	address = {New York},
	title = {Robot dynamics and control},
	isbn = {978-0-471-61243-8},
	publisher = {Wiley},
	author = {Spong, Mark W. and Vidyasagar, M.},
	year = {1989},
	keywords = {Control systems, Dynamics, robots}
}

@article{amalraj_finite-element_2000,
	title = {Finite-element modeling of phase transformation in shape memory alloy wires with variable material properties},
	volume = {9},
	url = {http://iopscience.iop.org/article/10.1088/0964-1726/9/5/306/meta},
	number = {5},
	urldate = {2016-04-20},
	journal = {Smart materials and structures},
	author = {Amalraj, J. J. and Bhattacharyya, A. and Faulkner, M. G.},
	year = {2000},
	keywords = {dynalloy, electric resistance, surface actuator},
	pages = {622},
	file = {sm0506.pdf:C\:\\Users\\Pedro Leal\\AppData\\Roaming\\Mozilla\\Firefox\\Profiles\\jng6zkj7.default\\zotero\\storage\\BNFRZJXI\\sm0506.pdf:application/pdf}
}

@article{singh_improved_2003,
	title = {An {Improved} {Shape} {Memory} {Alloy} {Actuator} for {Rotor} {Blade} {Tracking}},
	volume = {14},
	issn = {1045-389X, 1530-8138},
	url = {http://jim.sagepub.com/content/14/12/767},
	doi = {10.1177/104538903039134},
	language = {en},
	number = {12},
	urldate = {2016-05-09},
	journal = {Journal of Intelligent Material Systems and Structures},
	author = {Singh, Kiran and Sirohi, Jayant and Chopra, Inderjit},
	month = dec,
	year = {2003},
	keywords = {rotational actuator},
	pages = {767--786},
	file = {Snapshot:C\:\\Users\\Pedro Leal\\AppData\\Roaming\\Mozilla\\Firefox\\Profiles\\jng6zkj7.default\\zotero\\storage\\8U4JRBAB\\767.html:text/html}
}

@inproceedings{singh_design_2002,
	title = {Design of an improved shape memory alloy actuator for rotor blade tracking},
	url = {http://proceedings.spiedigitallibrary.org/proceeding.aspx?articleid=883747},
	doi = {10.1117/12.474663},
	urldate = {2016-05-11},
	publisher = {International Society for Optics and Photonics},
	author = {Singh, Kiran and Chopra, Inderjit},
	month = jul,
	year = {2002},
	pages = {244--266},
	file = {Snapshot:C\:\\Users\\Pedro Leal\\AppData\\Roaming\\Mozilla\\Firefox\\Profiles\\jng6zkj7.default\\zotero\\storage\\G5T4TZ4X\\proceeding.html:text/html}
}

@article{kennedy_development_2004,
	title = {Development of an {SMA} {Actuator} for {In}-flight {Rotor} {Blade} {Tracking}},
	volume = {15},
	issn = {1045-389X, 1530-8138},
	url = {http://jim.sagepub.com/content/15/4/235},
	doi = {10.1177/1045389X04042794},
	language = {en},
	number = {4},
	urldate = {2016-05-09},
	journal = {Journal of Intelligent Material Systems and Structures},
	author = {Kennedy, Dennis K. and Straub, Friedrich K. and Schetky, L. McD and Chaudhry, Zaffir and Roznoy, Richard},
	month = apr,
	year = {2004},
	keywords = {torsion actuator},
	pages = {235--248},
	file = {Snapshot:C\:\\Users\\Pedro Leal\\AppData\\Roaming\\Mozilla\\Firefox\\Profiles\\jng6zkj7.default\\zotero\\storage\\ZH5THGZT\\235.html:text/html}
}

@inproceedings{prahlad_design_2001,
	title = {Design of a variable twist tilt-rotor blade using shape memory alloy ({SMA}) actuators},
	url = {http://proceedings.spiedigitallibrary.org/proceeding.aspx?articleid=907395},
	doi = {10.1117/12.436559},
	urldate = {2016-05-09},
	publisher = {International Society for Optics and Photonics},
	author = {Prahlad, Harsha and Chopra, Inderjit},
	month = aug,
	year = {2001},
	keywords = {torsion actuator},
	pages = {46--59},
	file = {Snapshot:C\:\\Users\\Pedro Leal\\AppData\\Roaming\\Mozilla\\Firefox\\Profiles\\jng6zkj7.default\\zotero\\storage\\U6N29IS5\\proceeding.html:text/html}
}

@article{auricchio_numerical_2006,
	title = {Numerical and {Experimental} {Evaluation} of the {Damping} {Properties} of {Shape}-{Memory} {Alloys}},
	volume = {128},
	issn = {0094-4289},
	url = {http://materialstechnology.asmedigitalcollection.asme.org/article.aspx?articleid=1427736},
	doi = {10.1115/1.2204948},
	number = {3},
	urldate = {2016-05-10},
	journal = {Journal of Engineering Materials and Technology},
	author = {Auricchio, Ferdinando and Fugazza, Davide and DesRoches, Reginald},
	month = jul,
	year = {2006},
	pages = {312--319},
	file = {Snapshot:C\:\\Users\\Pedro Leal\\AppData\\Roaming\\Mozilla\\Firefox\\Profiles\\jng6zkj7.default\\zotero\\storage\\4FS5FUHF\\article.html:text/html}
}

@inproceedings{grant_design_1995,
	title = {Design of shape memory alloy actuator with high strain and variable structure control},
	volume = {3},
	url = {http://ieeexplore.ieee.org/xpls/abs_all.jsp?arnumber=525605},
	urldate = {2016-05-11},
	booktitle = {Robotics and {Automation}, 1995. {Proceedings}., 1995 {IEEE} {International} {Conference} on},
	publisher = {IEEE},
	author = {Grant, Danny and Hayward, Vincent},
	year = {1995},
	pages = {2305--2312},
	file = {00525605.pdf:C\:\\Users\\Pedro Leal\\AppData\\Roaming\\Mozilla\\Firefox\\Profiles\\jng6zkj7.default\\zotero\\storage\\R4WUP9U7\\00525605.pdf:application/pdf}
}

@article{cattafesta_actuators_2011,
	title = {Actuators for {Active} {Flow} {Control}},
	volume = {43},
	issn = {0066-4189, 1545-4479},
	url = {http://www.annualreviews.org/doi/abs/10.1146/annurev-fluid-122109-160634},
	doi = {10.1146/annurev-fluid-122109-160634},
	language = {en},
	number = {1},
	urldate = {2016-05-12},
	journal = {Annual Review of Fluid Mechanics},
	author = {Cattafesta, Louis N. and Sheplak, Mark},
	month = jan,
	year = {2011},
	keywords = {flow actuator},
	pages = {247--272},
	file = {annurev-fluid-122109-160634.pdf:C\:\\Users\\Pedro Leal\\AppData\\Roaming\\Mozilla\\Firefox\\Profiles\\jng6zkj7.default\\zotero\\storage\\U4BJWGJ7\\annurev-fluid-122109-160634.pdf:application/pdf}
}

@article{prechtl_design_1999,
	title = {Design of a high efficiency, large stroke, electromechanical actuator},
	volume = {8},
	url = {http://iopscience.iop.org/article/10.1088/0964-1726/8/1/002/meta},
	number = {1},
	urldate = {2016-05-12},
	journal = {Smart Materials and Structures},
	author = {Prechtl, Eric F. and Hall, Steven R.},
	year = {1999},
	keywords = {flow actuator},
	pages = {13},
	file = {sm9102.pdf:C\:\\Users\\Pedro Leal\\AppData\\Roaming\\Mozilla\\Firefox\\Profiles\\jng6zkj7.default\\zotero\\storage\\Z3KRJJM5\\sm9102.pdf:application/pdf}
}

@misc{barba_aeropython_2014,
	title = {{AeroPython}},
	url = {https://github.com/barbagroup/AeroPython},
	abstract = {AeroPython - Classical Aerodynamics of potential flow using Python, for Prof. Barba's course at GW (1st version:Spring 2014, 2nd run:2015).},
	urldate = {2016-02-12},
	journal = {GitHub},
	author = {Barba, Lorena},
	year = {2014},
	file = {Snapshot:C\:\\Users\\Pedro Leal\\AppData\\Roaming\\Mozilla\\Firefox\\Profiles\\jng6zkj7.default\\zotero\\storage\\8PA3X9Q9\\AeroPython.html:text/html}
}

@inproceedings{woods_preliminary_2012,
	title = {Preliminary investigation of a fishbone active camber concept},
	url = {http://proceedings.asmedigitalcollection.asme.org/proceeding.aspx?articleid=1720859},
	urldate = {2016-02-15},
	booktitle = {{ASME} 2012 {Conference} on {Smart} {Materials}, {Adaptive} {Structures} and {Intelligent} {Systems}},
	publisher = {American Society of Mechanical Engineers},
	author = {Woods, Benjamin King Sutton and Friswell, Michael I.},
	year = {2012},
	pages = {555--563},
	file = {Woods et al..pdf:C\:\\Users\\Pedro Leal\\AppData\\Roaming\\Mozilla\\Firefox\\Profiles\\jng6zkj7.default\\zotero\\storage\\NMFGCWZM\\Woods et al..pdf:application/pdf}
}

@article{seigler_modeling_2007,
	title = {Modeling and {Flight} {Control} of {Large}-{Scale} {Morphing} {Aircraft}},
	volume = {44},
	issn = {0021-8669, 1533-3868},
	url = {http://arc.aiaa.org/doi/abs/10.2514/1.21439},
	doi = {10.2514/1.21439},
	language = {en},
	number = {4},
	urldate = {2016-02-11},
	journal = {Journal of Aircraft},
	author = {Seigler, Thomas M. and Neal, David A. and Bae, Jae-Sung and Inman, Daniel J.},
	month = jul,
	year = {2007},
	keywords = {Need to read},
	pages = {1077--1087},
	file = {Seigler et al..pdf:C\:\\Users\\Pedro Leal\\AppData\\Roaming\\Mozilla\\Firefox\\Profiles\\jng6zkj7.default\\zotero\\storage\\Z7K7ZUMZ\\Seigler et al..pdf:application/pdf}
}

@article{gern_computation_2005,
	title = {Computation of {Actuation} {Power} {Requirements} for {Smart} {Wings} with {Morphing} {Airfoils}},
	volume = {43},
	issn = {0001-1452, 1533-385X},
	url = {http://arc.aiaa.org/doi/abs/10.2514/1.20367},
	doi = {10.2514/1.20367},
	language = {en},
	number = {12},
	urldate = {2016-02-11},
	journal = {AIAA Journal},
	author = {Gern, Frank and Inman, Daniel J. and Kapania, Rakesh K.},
	month = dec,
	year = {2005},
	keywords = {Need to read},
	pages = {2481--2486},
	file = {Gern et al..pdf:C\:\\Users\\Pedro Leal\\AppData\\Roaming\\Mozilla\\Firefox\\Profiles\\jng6zkj7.default\\zotero\\storage\\P4C85NUW\\Gern et al..pdf:application/pdf}
}

@book{falkovich_fluid_2011,
	address = {Cambridge ; New York},
	title = {Fluid mechanics: a short course for physicists},
	isbn = {978-1-107-00575-4},
	shorttitle = {Fluid mechanics},
	abstract = {"The multidisciplinary field of fluid mechanics is one of the most actively developing fields of physics, mathematics and engineering. In this book, the fundamental ideas of fluid mechanics are presented from a physics perspective. Using examples taken from everyday life, from hydraulic jumps in a kitchen sink to Kelvin-Helmholtz instabilities in clouds, the book provides readers with a better understanding of the world around them. It teaches the art of fluid-mechanical estimates and shows how the ideas and methods developed to study the mechanics of fluids are used to analyze other systems with many degrees of freedom in statistical physics and field theory. Aimed at undergraduate and graduate students, the book assumes no prior knowledge of the subject and only a basic understanding of vector calculus and analysis. It contains 32 exercises of varying difficulties, from simple estimates to elaborate calculations, with detailed solutions to help readers understand fluid mechanics"--},
	publisher = {Cambridge University Press},
	author = {Falkovich, G.},
	year = {2011},
	keywords = {Fluid mechanics},
	annote = {Machine generated contents note: 1. Basic equations and steady flows; 2. Unsteady flows; 3. Dispersive waves; 4. Epilogue; 5. Solutions; References; Index}
}

@article{yokozeki_development_2014,
	title = {Development of {Variable} {Camber} {Morphing} {Airfoil} {Using} {Corrugated} {Structure}},
	volume = {51},
	issn = {0021-8669, 1533-3868},
	url = {http://arc.aiaa.org/doi/10.2514/1.C032573},
	doi = {10.2514/1.C032573},
	language = {en},
	number = {3},
	urldate = {2016-02-11},
	journal = {Journal of Aircraft},
	author = {Yokozeki, Tomohiro and Sugiura, Aya and Hirano, Yoshiyasu},
	month = may,
	year = {2014},
	keywords = {composite, corrugated, flap},
	pages = {1023--1029},
	file = {Yokozeki et al..pdf:C\:\\Users\\Pedro Leal\\AppData\\Roaming\\Mozilla\\Firefox\\Profiles\\jng6zkj7.default\\zotero\\storage\\IMA3N6AW\\Yokozeki et al..pdf:application/pdf}
}

@article{abreu_controle_2012,
	title = {Controle nebuloso aplicado em asas adaptativas utilizando ligas de memória de forma},
	url = {http://www.cricte2004.eletrica.ufpr.br/anais/cba/2012/Artigos/96878.pdf},
	urldate = {2016-02-17},
	journal = {Mechanical Engineering Master Thesis (Faculdade de Engenharia, Universidade Estadual Paulista - UNESP)},
	author = {Abreu, Gustavo Luiz},
	year = {2012},
	file = {Marcelo_Francisco_Maesta,_Controle_Nebuloso_Aplicado_em_Asas_Adaptativas_Utilizando.2012.pdf:C\:\\Users\\Pedro Leal\\AppData\\Roaming\\Mozilla\\Firefox\\Profiles\\jng6zkj7.default\\zotero\\storage\\ANGSQ4NG\\Marcelo_Francisco_Maesta,_Controle_Nebuloso_Aplicado_em_Asas_Adaptativas_Utilizando.2012.pdf:application/pdf}
}

@article{faria_controle_2010,
	title = {Controle da variação do arqueamento de um aerofólio utilizando atuadores de memória de forma},
	url = {http://repositorio.unesp.br/handle/11449/94509},
	urldate = {2016-02-17},
	journal = {Mechanical Engineering Master Thesis (Faculdade de Engenharia, Universidade Estadual Paulista - UNESP)},
	author = {Faria, Cássio Thomé de},
	year = {2010},
	file = {Cássio_Thomé_de_Faria,“Controle_da_Variação_do_Arqueamento_de_um_Aerofólio._2010.pdf:C\:\\Users\\Pedro Leal\\AppData\\Roaming\\Mozilla\\Firefox\\Profiles\\jng6zkj7.default\\zotero\\storage\\A4VBJ5K3\\Cássio_Thomé_de_Faria,“Controle_da_Variação_do_Arqueamento_de_um_Aerofólio._2010.pdf:application/pdf}
}

@article{villoslada_position_2015,
	title = {Position control of a shape memory alloy actuator using a four-term bilinear {PID} controller},
	volume = {236},
	issn = {09244247},
	url = {http://linkinghub.elsevier.com/retrieve/pii/S0924424715301679},
	doi = {10.1016/j.sna.2015.10.006},
	language = {en},
	urldate = {2016-02-17},
	journal = {Sensors and Actuators A: Physical},
	author = {Villoslada, Álvaro and Escudero, Naiara and Martín, Fernando and Flores, Antonio and Rivera, Cayetano and Collado, Marcelo and Moreno, Luis},
	month = dec,
	year = {2015},
	keywords = {control, experimental, linear actuator},
	pages = {257--272},
	file = {1-s2.0-S0924424715301679-main.pdf:C\:\\Users\\Pedro Leal\\AppData\\Roaming\\Mozilla\\Firefox\\Profiles\\jng6zkj7.default\\zotero\\storage\\DFWXXFU6\\1-s2.0-S0924424715301679-main.pdf:application/pdf}
}

@inproceedings{bertagne_feedback_2014,
	title = {Feedback control applied to finite element models of morphing structures},
	url = {http://proceedings.asmedigitalcollection.asme.org/proceeding.aspx?articleid=2022120},
	urldate = {2016-02-17},
	booktitle = {{ASME} 2014 {Conference} on {Smart} {Materials}, {Adaptive} {Structures} and {Intelligent} {Systems}},
	publisher = {American Society of Mechanical Engineers},
	author = {Bertagne, Christopher and Moghadas, Peyman and Malak, Richard and Hartl, Darren},
	year = {2014},
	pages = {V001T03A026--V001T03A026},
	file = {paper_Final.pdf:C\:\\Users\\Pedro Leal\\AppData\\Roaming\\Mozilla\\Firefox\\Profiles\\jng6zkj7.default\\zotero\\storage\\MWJMUPW6\\paper_Final.pdf:application/pdf}
}

@book{santos_dinamica_2001,
	address = {São Paulo},
	title = {Dinâmica de sistemas mecânicos: modelagem, simulação, visualização, verificação},
	isbn = {978-85-346-1110-7},
	shorttitle = {Dinâmica de sistemas mecânicos},
	language = {Portuguese},
	publisher = {Makron},
	author = {Santos, Ilmar Ferreira},
	year = {2001}
}

@article{elahinia_nonlinear_2002,
	title = {Nonlinear {Control} of a {Shape} {Memory} {Alloy} {Actuated} {Manipulator}},
	volume = {124},
	issn = {07393717},
	url = {http://VibrationAcoustics.asmedigitalcollection.asme.org/article.aspx?articleid=1470452},
	doi = {10.1115/1.1501285},
	language = {en},
	number = {4},
	urldate = {2016-02-18},
	journal = {Journal of Vibration and Acoustics},
	author = {Elahinia, Mohammad H. and Ashrafiuon, Hashem},
	year = {2002},
	keywords = {rotational actuator},
	pages = {566},
	file = {Elahinia et al..pdf:C\:\\Users\\Pedro Leal\\AppData\\Roaming\\Mozilla\\Firefox\\Profiles\\jng6zkj7.default\\zotero\\storage\\7Q6DFC8B\\Elahinia et al..pdf:application/pdf}
}

@article{moallem_tracking_2009,
	title = {Tracking control of an antagonistic shape memory alloy actuator pair},
	volume = {17},
	url = {http://ieeexplore.ieee.org/xpls/abs_all.jsp?arnumber=4524843},
	number = {1},
	urldate = {2016-02-18},
	journal = {Control Systems Technology, IEEE Transactions on},
	author = {Moallem, M. and Tabrizi, V. A.},
	year = {2009},
	keywords = {antagonistic, rotational actuator, shape memory alloy},
	pages = {184--190},
	file = {Moallem et al..pdf:C\:\\Users\\Pedro Leal\\AppData\\Roaming\\Mozilla\\Firefox\\Profiles\\jng6zkj7.default\\zotero\\storage\\R3MJRXP7\\Moallem et al..pdf:application/pdf}
}

@inproceedings{saunders_design_2014,
	title = {Design and analysis of a self-folding {SMA}-{SMP} composite laminate},
	url = {http://proceedings.asmedigitalcollection.asme.org/proceeding.aspx?articleid=2090944},
	urldate = {2016-03-04},
	booktitle = {{ASME} 2014 {International} {Design} {Engineering} {Technical} {Conferences} and {Computers} and {Information} in {Engineering} {Conference}},
	publisher = {American Society of Mechanical Engineers},
	author = {Saunders, Robert and Hartl, Darren and Malak, Richard and Lagoudas, Dimitris},
	year = {2014},
	pages = {V05BT08A048--V05BT08A048},
	file = {Saunders et al._2.pdf:C\:\\Users\\Pedro Leal\\AppData\\Roaming\\Mozilla\\Firefox\\Profiles\\jng6zkj7.default\\zotero\\storage\\Z6THTWKG\\Saunders et al._2.pdf:application/pdf}
}

@book{ruggiero_calculo_1996,
	address = {São Paulo},
	title = {Cálculo numérico: aspectos teóricos e computacionais},
	isbn = {978-85-346-0204-4},
	shorttitle = {Cálculo numérico},
	language = {Portuguese},
	publisher = {Makron Books},
	author = {Ruggiero, Marcia A. Gomes and Lopes, Vera Lucia da Rocha},
	year = {1996}
}

@misc{dynalloy_technical_2014,
	title = {Technical {Characteristics} of {Flexinol}® {Actuator} {Wires} {F}1140Rev {I}.2 - {TCF}1140.pdf},
	url = {http://www.dynalloy.com/pdfs/TCF1140.pdf},
	urldate = {2016-05-13},
	author = {Dynalloy},
	year = {2014},
	keywords = {dynalloy},
	file = {TCF1140.pdf:C\:\\Users\\Pedro Leal\\AppData\\Roaming\\Mozilla\\Firefox\\Profiles\\jng6zkj7.default\\zotero\\storage\\4KJMSSPF\\TCF1140.pdf:application/pdf;Technical Characteristics of Flexinol® Actuator Wires F1140Rev I.2 - TCF1140.pdf:C\:\\Users\\Pedro Leal\\AppData\\Roaming\\Mozilla\\Firefox\\Profiles\\jng6zkj7.default\\zotero\\storage\\W6W78N23\\TCF1140.html:text/html}
}

@article{churchill_correlating_1975,
	title = {Correlating equations for laminar and turbulent free convection from a horizontal cylinder},
	volume = {18},
	issn = {0017-9310},
	url = {http://www.sciencedirect.com/science/article/pii/0017931075902227},
	doi = {10.1016/0017-9310(75)90222-7},
	abstract = {A simple empirical expression for the mean value of Nu over the cylinder for all Ra and all Pr is developed in terms of the model of Churchill and Usagi. This expression is applicable for uniform heating as well as for uniform wall temperature and for mass transfer and simultaneous heat and mass transfer. Even simpler expressions are obtained for restricted conditions. These expressions improve upon prior graphical and empirical correlations in both accuracy and convenience. Une expression empirique simple de la valeur moyenne de Nu autour d'un cylindre valable pour tout Ra et tout Pr est obtenue à partir du modèle de Churchill et Usagi. Cette expression est applicable aussi bien dans le cas d'un chauffage à flux constant que dans celui d'un chauffage à température de paroi constante ainsi que pour le transfert de masse et le transfert simultané de chaleur et de masse. Des expressions encore plus simples sont obtenues dans des conditions plus restrictives. Ces expressions apportent des améliorations aux corrélations graphiques et empiriques antérieures à la fois en précision et en commodité. Es wurde ein einfacher empirischer Ausdruck für den Mittelwert von Nu über den Zylinder für alle Ra und alle Pr mit Termen des Modells von Churchill und Usagi entwickelt. Dieser Ausdruck kann sowohl verwendet werden für konstante Wärmezufuhr als auch für konstante Wandtemperatur und für Stoffübergang und gleichzeitigen Wärme- und Stoffübergang. Man erhält noch einfachere Ausdrücke für einschränkende Bedingungen. Diese Ausdrücke verbessern frühere graphische und empirische Korrelationen sowohl hinsichtlich der Genauigkeit als auch der Praktikabilität. C пoмoщью мoдeли Чepчилля и Узaги пoлyчeнo пpocтoe эмпиpичecкoe выpaжeниe для cpeднeгo пo цилиндpy знaчeния чиcлa пpи вceч знaчeнияч Ra и Pr. Дaннoe выpaжeниe пpимeнимo к cлyчaю oднopoднoгo нaгpeвa, a тaкжe к cлyчaям oднopoднoй тeмпepaтypы cтeнки и мaccooбмeнa, и oднoвpeмeннoгo тeплo- и мaccooбмeнa. Для oгpaничeнныч ycлoвий пoлyчeны бoлee пpocтыe выpaжeния. Эти выpaжeния cдeлaли имeющиecя гpaфичecкиe и эмпиpичecкиe cooтнoшeния бoлee тoчными и yдoбными.},
	number = {9},
	urldate = {2016-05-14},
	journal = {International Journal of Heat and Mass Transfer},
	author = {Churchill, Stuart W. and Chu, Humbert H. S.},
	month = sep,
	year = {1975},
	pages = {1049--1053},
	file = {ScienceDirect Snapshot:C\:\\Users\\Pedro Leal\\AppData\\Roaming\\Mozilla\\Firefox\\Profiles\\jng6zkj7.default\\zotero\\storage\\DV89QPZD\\0017931075902227.html:text/html}
}

@inproceedings{moghadas_reinforcement_2015,
	title = {Reinforcement {Learning} for {Control} of a {Shape} {Memory} {Alloy} {Based} {Self}-{Folding} {Sheet}},
	isbn = {978-0-7918-5713-7},
	url = {http://proceedings.asmedigitalcollection.asme.org/proceeding.aspx?doi=10.1115/DETC2015-46980},
	doi = {10.1115/DETC2015-46980},
	urldate = {2016-02-17},
	publisher = {ASME},
	author = {Moghadas, Peyman and Malak, Richard and Hartl, Darren},
	month = aug,
	year = {2015},
	keywords = {surface actuator},
	pages = {V05BT08A044},
	file = {IDETC201546980.pdf:C\:\\Users\\Pedro Leal\\AppData\\Roaming\\Mozilla\\Firefox\\Profiles\\jng6zkj7.default\\zotero\\storage\\8HE2NIHH\\IDETC201546980.pdf:application/pdf}
}

@inproceedings{halbert_control_2014,
	title = {Control of a {Shape} {Memory} {Alloy} {Based} {Self}-{Folding} {Sheet}},
	isbn = {978-0-7918-4637-7},
	url = {http://proceedings.asmedigitalcollection.asme.org/proceeding.aspx?doi=10.1115/DETC2014-34703},
	doi = {10.1115/DETC2014-34703},
	urldate = {2016-02-17},
	publisher = {ASME},
	author = {Halbert, Tyler and Moghadas, Peyman and Malak, Richard and Hartl, Darren},
	month = aug,
	year = {2014},
	pages = {V05BT08A041},
	file = {Controls_Draft Paper.pdf:C\:\\Users\\Pedro Leal\\AppData\\Roaming\\Mozilla\\Firefox\\Profiles\\jng6zkj7.default\\zotero\\storage\\Q6PZZC7V\\Controls_Draft Paper.pdf:application/pdf}
}

@inproceedings{liao_design_2015,
	title = {Design and investigation of a linear smart actuator},
	url = {http://proceedings.spiedigitallibrary.org/proceeding.aspx?doi=10.1117/12.2084502},
	doi = {10.1117/12.2084502},
	urldate = {2016-02-18},
	author = {Krishna Chaitanya, S. and Dhanalakshmi, K.},
	editor = {Liao, Wei-Hsin},
	month = apr,
	year = {2015},
	keywords = {important},
	pages = {94312T},
	file = {Chaitanya et al..pdf:C\:\\Users\\Pedro Leal\\AppData\\Roaming\\Mozilla\\Firefox\\Profiles\\jng6zkj7.default\\zotero\\storage\\5FBBBPHP\\Chaitanya et al..pdf:application/pdf}
}

@article{elahinia_temperature-based_2005,
	title = {A {Temperature}-based {Controller} for a {Shape} {Memory} {Alloy} {Actuator}},
	volume = {127},
	issn = {07393717},
	url = {http://VibrationAcoustics.asmedigitalcollection.asme.org/article.aspx?articleid=1470758},
	doi = {10.1115/1.1898335},
	language = {en},
	number = {3},
	urldate = {2016-02-18},
	journal = {Journal of Vibration and Acoustics},
	author = {Elahinia, Mohammad H. and Ashrafiuon, Hashem and Ahmadian, Mehdi and Tan, Hanghao},
	year = {2005},
	keywords = {rotational actuator},
	pages = {285},
	file = {Elahinia et al._2.pdf:C\:\\Users\\Pedro Leal\\AppData\\Roaming\\Mozilla\\Firefox\\Profiles\\jng6zkj7.default\\zotero\\storage\\CBXGCP2G\\Elahinia et al._2.pdf:application/pdf}
}

@inproceedings{liao_shape-retainment_2015,
	title = {Shape-retainment control using an antagonistic shape memory alloy system},
	url = {http://proceedings.spiedigitallibrary.org/proceeding.aspx?doi=10.1117/12.2084396},
	doi = {10.1117/12.2084396},
	urldate = {2016-02-18},
	author = {Ikeda, T. and Sawamura, K. and Senba, A. and Tamayama, M.},
	editor = {Liao, Wei-Hsin},
	month = apr,
	year = {2015},
	keywords = {anatagonistic, linear actuator},
	pages = {943117},
	file = {Ikeda et al..pdf:C\:\\Users\\Pedro Leal\\AppData\\Roaming\\Mozilla\\Firefox\\Profiles\\jng6zkj7.default\\zotero\\storage\\AD7KHKFD\\Ikeda et al..pdf:application/pdf}
}